<?xml version="1.0" encoding="UTF-8"?><record xmlns="http://www.loc.gov/MARC21/slim" xmlns:cinclude="http://apache.org/cocoon/include/1.0" xmlns:zs="http://www.loc.gov/zing/srw/">
  <leader>00569nz  a2200133n  4500</leader>
  <controlfield tag="001">n  90641996 </controlfield>
  <controlfield tag="003">DLC</controlfield>
  <controlfield tag="005">19900508170437.9</controlfield>
  <controlfield tag="008">900508n| acannaab|          |a ana |||  </controlfield>
  <datafield tag="010" ind1=" " ind2=" ">
    <subfield code="a">n  90641996 </subfield>
  </datafield>
  <datafield tag="040" ind1=" " ind2=" ">
    <subfield code="a">DLC</subfield>
    <subfield code="c">DLC</subfield>
  </datafield>
  <datafield tag="110" ind1="2" ind2="0">
    <subfield code="a">Akademie der Bildenden Künste in Wien.</subfield>
    <subfield code="b">Bibliothek</subfield>
  </datafield>
  <datafield tag="410" ind1="2" ind2="0">
    <subfield code="a">Bibliothek der Akademie der Bildenden Künste in Wien</subfield>
  </datafield>
  <datafield tag="670" ind1=" " ind2=" ">
    <subfield code="a">Veröffentlichungen der Bibliothek der Akademie der Bildenden Künste ; Bd. 1. Königsberger, G. Die Akademie der Bildenden Künste ... 1988?:</subfield>
    <subfield code="b">t.p. (Bibliothek der Akademie der Bildenden Künste in Wien)</subfield>
  </datafield>
</record>